<?xml version="1.0" encoding="UTF-8"?><collection xmlns="http://www.loc.gov/MARC21/slim"><record><leader>00320nam--2200121-i-4500</leader><controlfield tag="001">000043993</controlfield><controlfield tag="002">20161230</controlfield><controlfield tag="005">20161230201044</controlfield><controlfield tag="008">060222s1000------------r-----000-0-eng-d</controlfield><datafield ind1=" " ind2=" " tag="080"><subfield code="a">55(043)</subfield></datafield><datafield ind1=" " ind2=" " tag="245"><subfield code="a">Teze de doctorat. lucrari sustinute in institut</subfield></datafield><datafield ind1=" " ind2=" " tag="260"><subfield code="a">Ploiesti, Inst.De Petrol Si Gaze, 1990, 65p</subfield></datafield><datafield ind1=" " ind2=" " tag="852"><subfield code="a">D.2181</subfield></datafield></record></collection>